@Article{arasu_babu_widom_2006,
  author = "Arasu, Arvind and Babu, Shivnath and Widom, Jennifer",
  title = "The {CQL} continuous query language: semantic foundations and query execution",
  year = 2006,
  journal = "Journal on Very Large Data Bases (VLDB J.)",
  volume = 15,
  number = 2,
  pages = "121--142" }

@book{sakr2016big,
  title={Big Data 2.0 Processing Systems: A Survey},
  author={Sakr, Sherif},
  year={2016},
  publisher={Springer}
}
